@misc{lctifa,
    author       = {Tifa},
    title        = {Tifa's lecture & slice about congruence modulo & integral inverse & CRT},
    year         = {2022},
    publisher    = {GitHub},
    journal      = {GitHub Repository},
    howpublished = {\url{https://github.com/Tiphereth-A/CPL-cgrunt}}
}
