@book{book:numbertheory,
    author    = {冯克勤},
    publisher = {北京师范大学出版社},
    title     = {初等数论及应用},
    year      = {2003}
}

@misc{oiwiki:inverse,
    author    = {OI Wiki Team},
    title     = {乘法逆元 --- {OI Wiki}},
    year      = {2016},
    publisher = {GitHub},
    url       = {https://github.com/OI-wiki/OI-wiki/blob/681dcee7eef2150c5cd70101c91143505b7ed7cd/docs/math/number-theory/inverse.md},
    note      = {[Online; accessed 4-May-2022]}
}
